@article{abbasi2008writeprints,
  title={Writeprints: A stylometric approach to identity-level identification and similarity detection in cyberspace},
  author={Abbasi, A. and Chen, H.},
  journal={ACM Transactions on Information Systems},
  volume={26},
  number={2},
  pages={1--29},
  year={2008}
}

@article{devel2001mining,
  title={Mining e-mail content for author identification forensics},
  author={de Vel, O. and Anderson, A. and Corney, M. and Mohay, G.},
  journal={ACM SIGMOD Record},
  volume={30},
  number={4},
  pages={55--64},
  year={2001}
}

@inproceedings{escalante2011local,
  title={Local histograms of character n-grams for authorship attribution},
  author={Escalante, H. J. and Solorio, T. and Montes-y-GÃ³mez, M.},
  booktitle={Proceedings of the 49th Annual Meeting of the Association for Computational Linguistics},
  pages={288--298},
  year={2011}
}

@article{iqbal2013forensic,
  title={A unified data mining solution for authorship analysis in anonymous textual communications},
  author={Iqbal, F. and Binsalleeh, H. and Fung, B. C. and Debbabi, M.},
  journal={Information Sciences},
  volume={231},
  pages={98--112},
  year={2013}
}

@article{juola2006authorship,
  title={Authorship attribution},
  author={Juola, P.},
  journal={Foundations and Trends in Information Retrieval},
  volume={1},
  number={3},
  pages={233--334},
  year={2006}
}

@inproceedings{klimt2004enron,
  title={The enron corpus: A new dataset for email classification research},
  author={Klimt, B. and Yang, Y.},
  booktitle={European Conference on Machine Learning},
  pages={217--226},
  year={2004}
}

@article{koppel2011authorship,
  title={Authorship attribution in the wild},
  author={Koppel, M. and Schler, J. and Argamon, S.},
  journal={Language Resources and Evaluation},
  volume={45},
  number={1},
  pages={83--94},
  year={2011}
}

@inproceedings{mikolov2013word2vec,
  title={Distributed representations of words and phrases and their compositionality},
  author={Mikolov, T. and Sutskever, I. and Chen, K. and Corrado, G. S. and Dean, J.},
  booktitle={Advances in Neural Information Processing Systems},
  pages={3111--3119},
  year={2013}
}

@article{ruder2016character,
  title={Character-level and multi-channel convolutional neural networks for large-scale authorship attribution},
  author={Ruder, S. and Ghaffari, P. and Breslin, J. G.},
  journal={arXiv preprint arXiv:1609.06686},
  year={2016}
}

@inproceedings{sari2018author,
  title={Topic or style? Exploring the most useful features for authorship attribution},
  author={Sari, Y. and Vlachos, A. and Stevenson, M.},
  booktitle={Proceedings of the 27th International Conference on Computational Linguistics},
  pages={343--353},
  year={2018}
}

@article{savoy2012authorship,
  title={Authorship attribution: A comparative study of three text corpora and three languages},
  author={Savoy, J.},
  journal={Journal of Quantitative Linguistics},
  volume={19},
  number={2},
  pages={132--161},
  year={2012}
}

@article{sebastiani2002machine,
  title={Machine learning in automated text categorization},
  author={Sebastiani, F.},
  journal={ACM Computing Surveys},
  volume={34},
  number={1},
  pages={1--47},
  year={2002}
}

@article{stamatatos2009survey,
  title={A survey of modern authorship attribution methods},
  author={Stamatatos, E.},
  journal={Journal of the American Society for Information Science and Technology},
  volume={60},
  number={3},
  pages={538--556},
  year={2009}
}

@inproceedings{stamatatos2018overview,
  title={Overview of the author identification task at PAN-2018},
  author={Stamatatos, E. and Tschuggnall, M. and Verhoeven, B. and Daelemans, W. and Specht, G. and Stein, B. and Potthast, M.},
  booktitle={CLEF 2018 Evaluation Labs and Workshop},
  year={2018}
}

@article{zheng2006authorship,
  title={A framework for authorship identification of online messages: Writing-style features and classification techniques},
  author={Zheng, R. and Li, J. and Chen, H. and Huang, Z.},
  journal={Journal of the American Society for Information Science and Technology},
  volume={57},
  number={3},
  pages={378--393},
  year={2006}
}
